@article{knuth84,
  author = {Knuth, Donald E.},
  title = {Literate Programming},
  year = {1984},
  issue_date = {May 1984},
  publisher = {Oxford University Press, Inc.},
  address = {USA},
  volume = {27},
  number = {2},
  issn = {0010-4620},
  url = {https://doi.org/10.1093/comjnl/27.2.97},
  doi = {10.1093/comjnl/27.2.97},
  journal = {Comput. J.},
  month = may,
  pages = {97â€“111},
  numpages = {15}
}
@misc{quarto-docs,
  title = {metrics},
  author = {{Quarto Core Team}},
  url ={https://x11awkb08o.feishu.cn/docs/doccn1BQjkvMv2QOezX6DLngx1e},
  year = {2021}
}
@misc{quarto-docs,
  title = {ABTest},
  author = {{Quarto Core Team}},
  url ={https://jace-yang.github.io/Full-Stack_Data-Analyst/Causal_Inference/1_AB_testing.html#id1},
  year = {2021}
}


